@online{DatabricksBlog2023DollyV2,
    author    = {Mike Conover and Matt Hayes and Ankit Mathur and Jianwei Xie and Jun Wan and Sam Shah and Ali Ghodsi and Patrick Wendell and Matei Zaharia and Reynold Xin},
    title     = {Free Dolly: Introducing the World's First Truly Open Instruction-Tuned LLM},
    year      = {2023},
    url       = {https://www.databricks.com/blog/2023/04/12/dolly-first-open-commercially-viable-instruction-tuned-llm},
    urldate   = {2023-06-30}
}

@article{falcon40b,
  title={{Falcon-40B}: an open large language model with state-of-the-art performance},
  author={Almazrouei, Ebtesam and Alobeidli, Hamza and Alshamsi, Abdulaziz and Cappelli, Alessandro and Cojocaru, Ruxandra and Debbah, Merouane and Goffinet, Etienne and Heslow, Daniel and Launay, Julien and Malartic, Quentin and Noune, Badreddine and Pannier, Baptiste and Penedo, Guilherme},
  year={2023}
}

@misc{koala_blogpost_2023,
  author = {Xinyang Geng and Arnav Gudibande and Hao Liu and Eric Wallace and Pieter Abbeel and Sergey Levine and Dawn Song},
  title = {Koala: A Dialogue Model for Academic Research},
  howpublished = {Blog post},
  month = {April},
  year = {2023},
  url = {https://bair.berkeley.edu/blog/2023/04/03/koala/},
  urldate = {2023-04-03}
}

@misc{alpaca,
  author = {Rohan Taori and Ishaan Gulrajani and Tianyi Zhang and Yann Dubois and Xuechen Li and Carlos Guestrin and Percy Liang and Tatsunori B. Hashimoto },
  title = {Stanford Alpaca: An Instruction-following LLaMA model},
  year = {2023},
  publisher = {GitHub},
  journal = {GitHub repository},
  howpublished = {\url{https://github.com/tatsu-lab/stanford_alpaca}},
}

@misc{vicuna2023,
    title = {Vicuna: An Open-Source Chatbot Impressing GPT-4 with 90\%* ChatGPT Quality},
    url = {https://lmsys.org/blog/2023-03-30-vicuna/},
    author = {Chiang, Wei-Lin and Li, Zhuohan and Lin, Zi and Sheng, Ying and Wu, Zhanghao and Zhang, Hao and Zheng, Lianmin and Zhuang, Siyuan and Zhuang, Yonghao and Gonzalez, Joseph E. and Stoica, Ion and Xing, Eric P.},
    month = {March},
    year = {2023}
}

@article{Touvron2023Llama2O,
  title={Llama 2: Open Foundation and Fine-Tuned Chat Models},
  author={Hugo Touvron and Louis Martin and Kevin R. Stone and Peter Albert and Amjad Almahairi and Yasmine Babaei and Nikolay Bashlykov and Soumya Batra and Prajjwal Bhargava and Shruti Bhosale and Daniel M. Bikel and Lukas Blecher and Cristian Cant{\'o}n Ferrer and Moya Chen and Guillem Cucurull and David Esiobu and Jude Fernandes and Jeremy Fu and Wenyin Fu and Brian Fuller and Cynthia Gao and Vedanuj Goswami and Naman Goyal and Anthony S. Hartshorn and Saghar Hosseini and Rui Hou and Hakan Inan and Marcin Kardas and Viktor Kerkez and Madian Khabsa and Isabel M. Kloumann and A. V. Korenev and Punit Singh Koura and Marie-Anne Lachaux and Thibaut Lavril and Jenya Lee and Diana Liskovich and Yinghai Lu and Yuning Mao and Xavier Martinet and Todor Mihaylov and Pushkar Mishra and Igor Molybog and Yixin Nie and Andrew Poulton and Jeremy Reizenstein and Rashi Rungta and Kalyan Saladi and Alan Schelten and Ruan Silva and Eric Michael Smith and R. Subramanian and Xia Tan and Binh Tang and Ross Taylor and Adina Williams and Jian Xiang Kuan and Puxin Xu and Zhengxu Yan and Iliyan Zarov and Yuchen Zhang and Angela Fan and Melanie Kambadur and Sharan Narang and Aurelien Rodriguez and Robert Stojnic and Sergey Edunov and Thomas Scialom},
  journal={ArXiv},
  year={2023},
  volume={abs/2307.09288},
  url={https://api.semanticscholar.org/CorpusID:259950998}
}

@inproceedings{pagnoni-etal-2021-understanding,
    title = "Understanding Factuality in Abstractive Summarization with {FRANK}: A Benchmark for Factuality Metrics",
    author = "Pagnoni, Artidoro  and
      Balachandran, Vidhisha  and
      Tsvetkov, Yulia",
    booktitle = "Proceedings of the 2021 Conference of the North American Chapter of the Association for Computational Linguistics: Human Language Technologies",
    month = jun,
    year = "2021",
    address = "Online",
    publisher = "Association for Computational Linguistics",
    url = "https://aclanthology.org/2021.naacl-main.383",
    doi = "10.18653/v1/2021.naacl-main.383",
    pages = "4812--4829",
}

@article{Fabbri2020SummEvalRS,
  title={SummEval: Re-evaluating Summarization Evaluation},
  author={A. R. Fabbri and Wojciech Kryscinski and Bryan McCann and Richard Socher and Dragomir R. Radev},
  journal={Transactions of the Association for Computational Linguistics},
  year={2020},
  volume={9},
  pages={391-409},
  url={https://api.semanticscholar.org/CorpusID:220768873}
}

@inproceedings{maynez-etal-2020-faithfulness,
    title = "On Faithfulness and Factuality in Abstractive Summarization",
    author = "Maynez, Joshua  and
      Narayan, Shashi  and
      Bohnet, Bernd  and
      McDonald, Ryan",
    booktitle = "Proceedings of the 58th Annual Meeting of the Association for Computational Linguistics",
    month = jul,
    year = "2020",
    address = "Online",
    publisher = "Association for Computational Linguistics",
    url = "https://aclanthology.org/2020.acl-main.173",
    doi = "10.18653/v1/2020.acl-main.173",
    pages = "1906--1919",
}

@inproceedings{wang-etal-2020-asking,
    title = "Asking and Answering Questions to Evaluate the Factual Consistency of Summaries",
    author = "Wang, Alex  and
      Cho, Kyunghyun  and
      Lewis, Mike",
    booktitle = "Proceedings of the 58th Annual Meeting of the Association for Computational Linguistics",
    month = jul,
    year = "2020",
    address = "Online",
    publisher = "Association for Computational Linguistics",
    url = "https://aclanthology.org/2020.acl-main.450",
    doi = "10.18653/v1/2020.acl-main.450",
    pages = "5008--5020",
}

@article{Li2023HaluEvalAL,
  title={HaluEval: A Large-Scale Hallucination Evaluation Benchmark for Large Language Models},
  author={Junyi Li and Xiaoxue Cheng and Wayne Xin Zhao and Jianyun Nie and Ji-rong Wen},
  journal={ArXiv},
  year={2023},
  volume={abs/2305.11747},
  url={https://api.semanticscholar.org/CorpusID:258832847}
}

@article{Dziri2021EvaluatingAI,
  title={Evaluating Attribution in Dialogue Systems: The BEGIN Benchmark},
  author={Nouha Dziri and Hannah Rashkin and Tal Linzen and D. Reitter},
  journal={Transactions of the Association for Computational Linguistics},
  year={2021},
  volume={10},
  pages={1066-1083},
  url={https://api.semanticscholar.org/CorpusID:233481654}
}

@inproceedings{honovich-etal-2021-q2,
    title = "$Q^{2}$: {E}valuating Factual Consistency in Knowledge-Grounded Dialogues via Question Generation and Question Answering",
    author = "Honovich, Or  and
      Choshen, Leshem  and
      Aharoni, Roee  and
      Neeman, Ella  and
      Szpektor, Idan  and
      Abend, Omri",
    booktitle = "Proceedings of the 2021 Conference on Empirical Methods in Natural Language Processing",
    month = nov,
    year = "2021",
    address = "Online and Punta Cana, Dominican Republic",
    publisher = "Association for Computational Linguistics",
    url = "https://aclanthology.org/2021.emnlp-main.619",
    doi = "10.18653/v1/2021.emnlp-main.619",
    pages = "7856--7870",
}

@article{Gupta2021DialFactAB,
  title={DialFact: A Benchmark for Fact-Checking in Dialogue},
  author={Prakhar Gupta and Chien Sheng Wu and Wenhao Liu and Caiming Xiong},
  journal={ArXiv},
  year={2021},
  volume={abs/2110.08222},
  url={https://api.semanticscholar.org/CorpusID:239009616}
}

@inproceedings{thorne-etal-2018-fact,
    title = "The Fact Extraction and {VER}ification ({FEVER}) Shared Task",
    author = "Thorne, James  and
      Vlachos, Andreas  and
      Cocarascu, Oana  and
      Christodoulopoulos, Christos  and
      Mittal, Arpit",
    booktitle = "Proceedings of the First Workshop on Fact Extraction and {VER}ification ({FEVER})",
    month = nov,
    year = "2018",
    address = "Brussels, Belgium",
    publisher = "Association for Computational Linguistics",
    url = "https://aclanthology.org/W18-5501",
    doi = "10.18653/v1/W18-5501",
    pages = "1--9"
}

@inproceedings{schuster-etal-2021-get,
    title = "Get Your Vitamin {C}! Robust Fact Verification with Contrastive Evidence",
    author = "Schuster, Tal  and
      Fisch, Adam  and
      Barzilay, Regina",
    booktitle = "Proceedings of the 2021 Conference of the North American Chapter of the Association for Computational Linguistics: Human Language Technologies",
    month = jun,
    year = "2021",
    address = "Online",
    publisher = "Association for Computational Linguistics",
    url = "https://aclanthology.org/2021.naacl-main.52",
    doi = "10.18653/v1/2021.naacl-main.52",
    pages = "624--643",
}

@inproceedings{zhang-etal-2019-paws,
    title = "{PAWS}: Paraphrase Adversaries from Word Scrambling",
    author = "Zhang, Yuan  and
      Baldridge, Jason  and
      He, Luheng",
    booktitle = "Proceedings of the 2019 Conference of the North {A}merican Chapter of the Association for Computational Linguistics: Human Language Technologies, Volume 1 (Long and Short Papers)",
    month = jun,
    year = "2019",
    address = "Minneapolis, Minnesota",
    publisher = "Association for Computational Linguistics",
    url = "https://aclanthology.org/N19-1131",
    doi = "10.18653/v1/N19-1131",
    pages = "1298--1308",
}


@misc{manakul2023selfcheckgpt,
      title={SelfCheckGPT: Zero-Resource Black-Box Hallucination Detection for Generative Large Language Models}, 
      author={Potsawee Manakul and Adian Liusie and Mark J. F. Gales},
      year={2023},
      eprint={2303.08896},
      archivePrefix={arXiv},
      primaryClass={cs.CL}
}

@inproceedings{Honovich2022TRUERF,
  title={TRUE: Re-evaluating Factual Consistency Evaluation},
  author={Or Honovich and Roee Aharoni and Jonathan Herzig and Hagai Taitelbaum and Doron Kukliansy and Vered Cohen and Thomas Scialom and Idan Szpektor and Avinatan Hassidim and Y. Matias},
  booktitle={Workshop on Document-grounded Dialogue and Conversational Question Answering},
  year={2022},
  url={https://api.semanticscholar.org/CorpusID:247694170}
}


@article{Azaria2023TheIS,
  title={The Internal State of an LLM Knows When its Lying},
  author={Amos Azaria and Tom M. Mitchell},
  journal={ArXiv},
  year={2023},
  volume={abs/2304.13734},
  url={https://api.semanticscholar.org/CorpusID:258352729}
}

@article{Gekhman2023TrueTeacherLF,
  title={TrueTeacher: Learning Factual Consistency Evaluation with Large Language Models},
  author={Zorik Gekhman and Jonathan Herzig and Roee Aharoni and Chen Elkind and Idan Szpektor},
  journal={ArXiv},
  year={2023},
  volume={abs/2305.11171},
  url={https://api.semanticscholar.org/CorpusID:258762340}
}

@article{Hu2021LoRALA,
  title={LoRA: Low-Rank Adaptation of Large Language Models},
  author={J. Edward Hu and Yelong Shen and Phillip Wallis and Zeyuan Allen-Zhu and Yuanzhi Li and Shean Wang and Weizhu Chen},
  journal={ArXiv},
  year={2021},
  volume={abs/2106.09685},
  url={https://api.semanticscholar.org/CorpusID:235458009}
}

@article{Raffel2019ExploringTL,
  title={Exploring the Limits of Transfer Learning with a Unified Text-to-Text Transformer},
  author={Colin Raffel and Noam M. Shazeer and Adam Roberts and Katherine Lee and Sharan Narang and Michael Matena and Yanqi Zhou and Wei Li and Peter J. Liu},
  journal={ArXiv},
  year={2019},
  volume={abs/1910.10683},
  url={https://api.semanticscholar.org/CorpusID:204838007}
}

@misc{quora-question-pairs,
    author = {DataCanary and Hilfialkaff and Lili Jiang and Meg Risdal and Nikhil Dandekar and Tomtung},
    title = {Quora Question Pairs},
    publisher = {Kaggle},
    year = {2017},
    url = {https://kaggle.com/competitions/quora-question-pairs}
}

@inproceedings{chatgpt_paraphrases_dataset,
  author={Vladimir Vorobev, Maxim Kuznetsov},
  title={ChatGPT paraphrases dataset},
  year={2023}
}

@article{squad,
       author = {{Rajpurkar}, Pranav and {Zhang}, Jian and {Lopyrev},
                 Konstantin and {Liang}, Percy},
        title = "{SQuAD: 100,000+ Questions for Machine Comprehension of Text}",
      journal = {arXiv e-prints},
         year = 2016,
          eid = {arXiv:1606.05250},
        pages = {arXiv:1606.05250},
archivePrefix = {arXiv},
       eprint = {1606.05250},
}

@article{Chung2022ScalingIL,
  title={Scaling Instruction-Finetuned Language Models},
  author={Hyung Won Chung and Le Hou and S. Longpre and Barret Zoph and Yi Tay and William Fedus and Eric Li and Xuezhi Wang and Mostafa Dehghani and Siddhartha Brahma and Albert Webson and Shixiang Shane Gu and Zhuyun Dai and Mirac Suzgun and Xinyun Chen and Aakanksha Chowdhery and Dasha Valter and Sharan Narang and Gaurav Mishra and Adams Wei Yu and Vincent Zhao and Yanping Huang and Andrew M. Dai and Hongkun Yu and Slav Petrov and Ed Huai-hsin Chi and Jeff Dean and Jacob Devlin and Adam Roberts and Denny Zhou and Quoc V. Le and Jason Wei},
  journal={ArXiv},
  year={2022},
  volume={abs/2210.11416},
  url={https://api.semanticscholar.org/CorpusID:253018554}
}

@inproceedings{bleu,
author = {Papineni, Kishore and Roukos, Salim and Ward, Todd and Zhu, Wei-Jing},
title = {BLEU: A Method for Automatic Evaluation of Machine Translation},
year = {2002},
publisher = {Association for Computational Linguistics},
address = {USA},
url = {https://doi.org/10.3115/1073083.1073135},
doi = {10.3115/1073083.1073135},
booktitle = {Proceedings of the 40th Annual Meeting on Association for Computational Linguistics},
pages = {311–318},
numpages = {8},
location = {Philadelphia, Pennsylvania},
series = {ACL '02}
}

@inproceedings{rouge,
    title = "{ROUGE}: A Package for Automatic Evaluation of Summaries",
    author = "Lin, Chin-Yew",
    booktitle = "Text Summarization Branches Out",
    month = jul,
    year = "2004",
    address = "Barcelona, Spain",
    publisher = "Association for Computational Linguistics",
    url = "https://aclanthology.org/W04-1013",
    pages = "74--81",
}

@inproceedings{banerjee-lavie-2005-meteor,
    title = "{METEOR}: An Automatic Metric for {MT} Evaluation with Improved Correlation with Human Judgments",
    author = "Banerjee, Satanjeev  and
      Lavie, Alon",
    booktitle = "Proceedings of the {ACL} Workshop on Intrinsic and Extrinsic Evaluation Measures for Machine Translation and/or Summarization",
    month = jun,
    year = "2005",
    address = "Ann Arbor, Michigan",
    publisher = "Association for Computational Linguistics",
    url = "https://aclanthology.org/W05-0909",
    pages = "65--72",
}

@article{Zhang2019BERTScoreET,
  title={BERTScore: Evaluating Text Generation with BERT},
  author={Tianyi Zhang and Varsha Kishore and Felix Wu and Kilian Q. Weinberger and Yoav Artzi},
  journal={ArXiv},
  year={2019},
  volume={abs/1904.09675},
  url={https://api.semanticscholar.org/CorpusID:127986044}
}

@article{Yuan2021BARTScoreEG,
  title={BARTScore: Evaluating Generated Text as Text Generation},
  author={Weizhe Yuan and Graham Neubig and Pengfei Liu},
  journal={ArXiv},
  year={2021},
  volume={abs/2106.11520},
  url={https://api.semanticscholar.org/CorpusID:235593404}
}

@inproceedings{sellam-etal-2020-bleurt,
    title = "{BLEURT}: Learning Robust Metrics for Text Generation",
    author = "Sellam, Thibault  and
      Das, Dipanjan  and
      Parikh, Ankur",
    booktitle = "Proceedings of the 58th Annual Meeting of the Association for Computational Linguistics",
    month = jul,
    year = "2020",
    address = "Online",
    publisher = "Association for Computational Linguistics",
    url = "https://aclanthology.org/2020.acl-main.704",
    doi = "10.18653/v1/2020.acl-main.704",
    pages = "7881--7892"
}


@article{He2020DeBERTaDB,
  title={DeBERTa: Decoding-enhanced BERT with Disentangled Attention},
  author={Pengcheng He and Xiaodong Liu and Jianfeng Gao and Weizhu Chen},
  journal={ArXiv},
  year={2020},
  volume={abs/2006.03654},
  url={https://api.semanticscholar.org/CorpusID:219531210}
}

@inproceedings{nangia-etal-2017-repeval,
    title = "The {R}ep{E}val 2017 Shared Task: Multi-Genre Natural Language Inference with Sentence Representations",
    author = "Nangia, Nikita  and
      Williams, Adina  and
      Lazaridou, Angeliki  and
      Bowman, Samuel",
    booktitle = "Proceedings of the 2nd Workshop on Evaluating Vector Space Representations for {NLP}",
    month = sep,
    year = "2017",
    address = "Copenhagen, Denmark",
    publisher = "Association for Computational Linguistics",
    url = "https://aclanthology.org/W17-5301",
    doi = "10.18653/v1/W17-5301",
    pages = "1--10"
}

@inproceedings{lewis-etal-2020-bart,
    title = "{BART}: Denoising Sequence-to-Sequence Pre-training for Natural Language Generation, Translation, and Comprehension",
    author = "Lewis, Mike  and
      Liu, Yinhan  and
      Goyal, Naman  and
      Ghazvininejad, Marjan  and
      Mohamed, Abdelrahman  and
      Levy, Omer  and
      Stoyanov, Veselin  and
      Zettlemoyer, Luke",
    booktitle = "Proceedings of the 58th Annual Meeting of the Association for Computational Linguistics",
    month = jul,
    year = "2020",
    address = "Online",
    publisher = "Association for Computational Linguistics",
    url = "https://aclanthology.org/2020.acl-main.703",
    doi = "10.18653/v1/2020.acl-main.703",
    pages = "7871--7880",
}

@inproceedings{hu-etal-2019-large,
    title = "Large-Scale, Diverse, Paraphrastic Bitexts via Sampling and Clustering",
    author = "Hu, J. Edward  and
      Singh, Abhinav  and
      Holzenberger, Nils  and
      Post, Matt  and
      Van Durme, Benjamin",
    booktitle = "Proceedings of the 23rd Conference on Computational Natural Language Learning (CoNLL)",
    month = nov,
    year = "2019",
    address = "Hong Kong, China",
    publisher = "Association for Computational Linguistics",
    url = "https://aclanthology.org/K19-1005",
    doi = "10.18653/v1/K19-1005",
    pages = "44--54",
}

@inproceedings{Devlin2019BERTPO,
  title={BERT: Pre-training of Deep Bidirectional Transformers for Language Understanding},
  author={Jacob Devlin and Ming-Wei Chang and Kenton Lee and Kristina Toutanova},
  booktitle={North American Chapter of the Association for Computational Linguistics},
  year={2019},
  url={https://api.semanticscholar.org/CorpusID:52967399}
}

@inproceedings{pu-etal-2021-learning,
    title = "Learning Compact Metrics for {MT}",
    author = "Pu, Amy  and
      Chung, Hyung Won  and
      Parikh, Ankur  and
      Gehrmann, Sebastian  and
      Sellam, Thibault",
    booktitle = "Proceedings of the 2021 Conference on Empirical Methods in Natural Language Processing",
    month = nov,
    year = "2021",
    address = "Online and Punta Cana, Dominican Republic",
    publisher = "Association for Computational Linguistics",
    url = "https://aclanthology.org/2021.emnlp-main.58",
    doi = "10.18653/v1/2021.emnlp-main.58",
    pages = "751--762",
}

@article{Utama2022FalsesumGD,
  title={Falsesum: Generating Document-level NLI Examples for Recognizing Factual Inconsistency in Summarization},
  author={Prasetya Ajie Utama and Joshua Bambrick and Nafise Sadat Moosavi and Iryna Gurevych},
  journal={ArXiv},
  year={2022},
  volume={abs/2205.06009},
  url={https://api.semanticscholar.org/CorpusID:248721759}
}

@inproceedings{kryscinski-etal-2020-evaluating,
    title = "Evaluating the Factual Consistency of Abstractive Text Summarization",
    author = "Kryscinski, Wojciech  and
      McCann, Bryan  and
      Xiong, Caiming  and
      Socher, Richard",
    booktitle = "Proceedings of the 2020 Conference on Empirical Methods in Natural Language Processing (EMNLP)",
    month = nov,
    year = "2020",
    address = "Online",
    publisher = "Association for Computational Linguistics",
    url = "https://aclanthology.org/2020.emnlp-main.750",
    doi = "10.18653/v1/2020.emnlp-main.750",
    pages = "9332--9346",
}

@inproceedings{Rohrbach2018ObjectHI,
  title={Object Hallucination in Image Captioning},
  author={Anna Rohrbach and Lisa Anne Hendricks and Kaylee Burns and Trevor Darrell and Kate Saenko},
  booktitle={Conference on Empirical Methods in Natural Language Processing},
  year={2018},
  url={https://api.semanticscholar.org/CorpusID:52176506}
}

@inproceedings{Nallapati2016AbstractiveTS,
  title={Abstractive Text Summarization using Sequence-to-sequence RNNs and Beyond},
  author={Ramesh Nallapati and Bowen Zhou and C{\'i}cero Nogueira dos Santos and Çaglar G{\"u}lçehre and Bing Xiang},
  booktitle={Conference on Computational Natural Language Learning},
  year={2016},
  url={https://api.semanticscholar.org/CorpusID:8928715}
}

@article{Hermann2015TeachingMT,
  title={Teaching Machines to Read and Comprehend},
  author={Karl Moritz Hermann and Tom{\'a}s Kocisk{\'y} and Edward Grefenstette and Lasse Espeholt and Will Kay and Mustafa Suleyman and Phil Blunsom},
  journal={ArXiv},
  year={2015},
  volume={abs/1506.03340},
  url={https://api.semanticscholar.org/CorpusID:6203757}
}

@inproceedings{Zellers2018SWAGAL,
  title={SWAG: A Large-Scale Adversarial Dataset for Grounded Commonsense Inference},
  author={Rowan Zellers and Yonatan Bisk and Roy Schwartz and Yejin Choi},
  booktitle={Conference on Empirical Methods in Natural Language Processing},
  year={2018},
  url={https://api.semanticscholar.org/CorpusID:52019251}
}